@ARTICLE{arvolumeonly,
    author = {ArAuthor, A. and Author, B. and Author, C.},
     title = {An article on something interesting (volume only)},
   journal = {Journal of interesting Things},
    volume = {6},
      year = {2014},
     pages = {1--122},
      issn = {0899-8256},
       doi = {10.5161/202.00000013},
     note  ={I have something special to say about this publication},
     url ={http://www.nowpublishers.com/},
     urldate={2014-07-10}
}

@Book{yang17monograph,
  author = 	 {Shenghao Yang and Raymond Yeung},
  title = 	 {{BATS} Codes: Theory and Practice},
  series = {Synthesis Lectures on Communication Networks},
  publisher = 	 {Morgan \& Claypool Publishers},
  year = 	 {2017},
  doi = {10.2200/S00794ED1V01Y201708CNT019},
}

@inbook{ber1995,
author = {Bertsekas, Dimitri},
year = {1995},
month = {01},
pages = {},
title = {Dynamic Programming and Optimal Control},
volume = {1}
}

@article{Sutton1988,
  title={Learning to predict by the methods of temporal differences},
  author={Richard S. Sutton},
  journal={Machine Learning},
  year={1988},
  volume={3},
  pages={9-44}
}
@INPROCEEDINGS{Watkins92,
    author = {Christopher J. C. H. Watkins and Peter Dayan},
    title = {Q-learning},
    booktitle = {Machine Learning},
    year = {1992},
    pages = {279--292}
}